<?xml version="1.0" encoding="utf-8"?>
<collection xmlns="http://www.loc.gov/MARC21/slim">
    <record xmlns="http://www.loc.gov/MARC21/slim" type="Bibliographic">
        <leader>     cam a       8i 4500</leader>
        <controlfield tag="001">22159938</controlfield>
        <controlfield tag="003">SE-LIBR</controlfield>
        <controlfield tag="005">20201214080030.0</controlfield>
        <controlfield tag="008">171221s2018    xx |||||||||||000 1|eng|d</controlfield>
        <datafield ind1=" " ind2=" " tag="020">
            <subfield code="a">9780393356182</subfield>
            <subfield code="q">pocket</subfield>
        </datafield>
        <datafield ind1=" " ind2=" " tag="035">
            <subfield code="a">(BOKR)9780393356182</subfield>
        </datafield>
        <datafield ind1=" " ind2=" " tag="040">
            <subfield code="a">BOKR</subfield>
            <subfield code="e">i</subfield>
        </datafield>
        <datafield ind1=" " ind2=" " tag="041">
            <subfield code="a">eng</subfield>
        </datafield>
        <datafield ind1="1" ind2=" " tag="100">
            <subfield code="a">Gaiman, Neil</subfield>
            <subfield code="4">aut</subfield>
        </datafield>
        <datafield ind1="1" ind2="0" tag="245">
            <subfield code="a">Norse Mythology</subfield>
        </datafield>
        <datafield ind1=" " ind2=" " tag="263">
            <subfield code="a">201803</subfield>
        </datafield>
        <datafield ind1=" " ind2="1" tag="264">
            <subfield code="b">Wiley,</subfield>
            <subfield code="c">2018</subfield>
        </datafield>
        <datafield ind1=" " ind2=" " tag="300">
            <subfield code="c">21 cm</subfield>
        </datafield>
        <datafield ind1=" " ind2=" " tag="336">
            <subfield code="a">text</subfield>
            <subfield code="b">txt</subfield>
            <subfield code="2">rdacontent</subfield>
        </datafield>
        <datafield ind1=" " ind2=" " tag="337">
            <subfield code="a">unmediated</subfield>
            <subfield code="b">n</subfield>
            <subfield code="2">rdamedia</subfield>
        </datafield>
        <datafield ind1=" " ind2=" " tag="338">
            <subfield code="a">volume</subfield>
            <subfield code="b">nc</subfield>
            <subfield code="2">rdacarrier</subfield>
        </datafield>
        <datafield ind1=" " ind2=" " tag="520">
            <subfield code="a">Bestselling and much loved author Neil Gaiman, whose novel American Gods has been adapted into a major television series, brings vividly to life the stories of Norse mythology that have inspired his own extraordinary writing in this number one Sunday Times bestseller The great Norse myths are woven into the fabric of our storytelling - from Tolkien, Alan Garner and Rosemary Sutcliff to Game of Thrones and Marvel Comics. They are also an inspiration for Neil Gaiman's own award-bedecked, bestselling fiction. Now he reaches back through time to the original source stories in a thrilling and vivid rendition of the great Norse tales. Gaiman's gods are thoroughly alive on the page - irascible, visceral, playful, passionate - and the tales carry us from the beginning of everything to Ragnarok and the twilight of the gods. Galvanised by Gaiman's prose, Thor, Loki, Odin and Freya are irresistible forces for modern readers and the crackling, brilliant writing demands to be read aloud around an open fire on a freezing, starlit night.</subfield>
        </datafield>
        <datafield ind1=" " ind2=" " tag="599">
            <subfield code="a">Maskinellt genererad post. Ändra kod för fullständighetsnivå (leader/17), annars kommer manuellt gjorda ändringar att försvinna.</subfield>
        </datafield>
        <datafield ind1=" " ind2=" " tag="887">
            <subfield code="a">{"@id":"8sl2lbql4zp1hcv","modified":"2020-12-14T08:00:30.595+01:00","checksum":"71716924941"}</subfield>
            <subfield code="2">librisxl</subfield>
        </datafield>
        <datafield ind1=" " ind2=" " tag="841">
            <subfield code="5">Za</subfield>
            <subfield code="a">x  a</subfield>
            <subfield code="b">190107||0000|||||000||||||000000</subfield>
            <subfield code="e">u</subfield>
        </datafield>
        <datafield ind1=" " ind2=" " tag="852">
            <subfield code="5">Za</subfield>
            <subfield code="b">Za</subfield>
        </datafield>
        <datafield ind1=" " ind2=" " tag="887">
            <subfield code="5">Za</subfield>
            <subfield code="a">{"@id":"hr4bg8w0fk68w31f","modified":"2019-05-08T14:05:02.109+02:00","checksum":"68510866225"}</subfield>
            <subfield code="2">librisxl</subfield>
        </datafield>
    </record>