
    <record xmlns="http://www.loc.gov/MARC21/slim" type="Bibliographic">
        <leader>     cam a       8i 4500</leader>
        <controlfield tag="001">pzwmrbdtm9pv0cl1</controlfield>
        <controlfield tag="003">SE-LIBR</controlfield>
        <controlfield tag="005">20201212080047.0</controlfield>
        <controlfield tag="008">180912s2019    xx |||||||||||000 1|eng|d</controlfield>
        <datafield ind1=" " ind2=" " tag="020">
            <subfield code="a">9780751575453</subfield>
            <subfield code="q">pocket</subfield>
        </datafield>
        <datafield ind1=" " ind2=" " tag="035">
            <subfield code="a">(BOKR)9780751575453</subfield>
        </datafield>
        <datafield ind1=" " ind2=" " tag="040">
            <subfield code="a">BOKR</subfield>
            <subfield code="e">i</subfield>
        </datafield>
        <datafield ind1=" " ind2=" " tag="041">
            <subfield code="a">eng</subfield>
        </datafield>
        <datafield ind1="1" ind2=" " tag="100">
            <subfield code="a">McDermid, Val</subfield>
            <subfield code="4">aut</subfield>
        </datafield>
        <datafield ind1="1" ind2="0" tag="245">
            <subfield code="a">Broken Ground</subfield>
        </datafield>
        <datafield ind1=" " ind2=" " tag="263">
            <subfield code="a">201902</subfield>
        </datafield>
        <datafield ind1=" " ind2="1" tag="264">
            <subfield code="b">Little, Brown,</subfield>
            <subfield code="c">2019</subfield>
        </datafield>
        <datafield ind1=" " ind2=" " tag="300">
            <subfield code="a">512 sidor</subfield>
            <subfield code="c">17.7 cm</subfield>
        </datafield>
        <datafield ind1=" " ind2=" " tag="336">
            <subfield code="a">text</subfield>
            <subfield code="b">txt</subfield>
            <subfield code="2">rdacontent</subfield>
        </datafield>
        <datafield ind1=" " ind2=" " tag="337">
            <subfield code="a">unmediated</subfield>
            <subfield code="b">n</subfield>
            <subfield code="2">rdamedia</subfield>
        </datafield>
        <datafield ind1=" " ind2=" " tag="338">
            <subfield code="a">volume</subfield>
            <subfield code="b">nc</subfield>
            <subfield code="2">rdacarrier</subfield>
        </datafield>
        <datafield ind1="0" ind2=" " tag="490">
            <subfield code="a">Karen pirie</subfield>
        </datafield>
        <datafield ind1=" " ind2=" " tag="520">
            <subfield code="a">'Somebody has been here before us. And he's still here . . .' When a body is discovered in the remote depths of the Highlands, DCI Karen Pirie finds herself in the right place at the right time. Unearthed with someone's long-buried inheritance, the victim seems to belong to the distant past - until new evidence suggests otherwise, and Karen is called in to unravel a case where nothing is as it seems. It's not long before an overheard conversation draws Karen into the heart of a different case, however - a shocking crime she thought she'd already prevented. As she inches closer to the twisted truths at the centre of these murders, it becomes clear that she's dealing with a version of justice terrifyingly different to her own . . . Number one bestseller and queen of crime Val McDermid returns with her most breathtakingly atmospheric and exhilarating novel yet.</subfield>
        </datafield>
        <datafield ind1=" " ind2=" " tag="599">
            <subfield code="a">Maskinellt genererad post. Ändra kod för fullständighetsnivå (leader/17), annars kommer manuellt gjorda ändringar att försvinna.</subfield>
        </datafield>
        <datafield ind1=" " ind2=" " tag="887">
            <subfield code="a">{"@id":"pzwmrbdtm9pv0cl1","modified":"2020-12-12T08:00:47.699+01:00","checksum":"67418048506"}</subfield>
            <subfield code="2">librisxl</subfield>
        </datafield>
        <datafield ind1=" " ind2=" " tag="841">
            <subfield code="5">Za</subfield>
            <subfield code="a">x  a</subfield>
            <subfield code="b">190913||0000|||||000||||||000000</subfield>
            <subfield code="e">u</subfield>
        </datafield>
        <datafield ind1=" " ind2="7" tag="650">
            <subfield code="5">Za</subfield>
            <subfield code="a">Skönlitteratur</subfield>
            <subfield code="0">https://id.kb.se/term/sao/Sk%C3%B6nlitteratur</subfield>
            <subfield code="2">sao</subfield>
        </datafield>
        <datafield ind1=" " ind2=" " tag="852">
            <subfield code="5">Za</subfield>
            <subfield code="b">Za</subfield>
        </datafield>
        <datafield ind1=" " ind2=" " tag="887">
            <subfield code="5">Za</subfield>
            <subfield code="a">{"@id":"8kwl9tq86nfn49k8","modified":"2019-10-13T15:21:17.897+02:00","checksum":"122924933579"}</subfield>
            <subfield code="2">librisxl</subfield>
        </datafield>
    </record>