
    <record xmlns="http://www.loc.gov/MARC21/slim" type="Bibliographic">
        <leader>     cam a       7i 4500</leader>
        <controlfield tag="001">22663426</controlfield>
        <controlfield tag="003">SE-LIBR</controlfield>
        <controlfield tag="005">20201208155500.0</controlfield>
        <controlfield tag="008">180509s2018    nyu|||||||||||000 ||eng|d</controlfield>
        <datafield ind1=" " ind2=" " tag="020">
            <subfield code="a">9780525540397</subfield>
            <subfield code="q">pocket</subfield>
        </datafield>
        <datafield ind1=" " ind2=" " tag="020">
            <subfield code="z">9780525540397 (International edition)</subfield>
        </datafield>
        <datafield ind1=" " ind2=" " tag="035">
            <subfield code="a">(BOKR)9780525540397</subfield>
        </datafield>
        <datafield ind1=" " ind2=" " tag="040">
            <subfield code="a">BOKR</subfield>
            <subfield code="d">Z</subfield>
            <subfield code="e">i</subfield>
            <subfield code="e">rda</subfield>
        </datafield>
        <datafield ind1=" " ind2=" " tag="041">
            <subfield code="a">eng</subfield>
        </datafield>
        <datafield ind1=" " ind2="0" tag="050">
            <subfield code="a">HD9999.I492</subfield>
        </datafield>
        <datafield ind1="0" ind2="0" tag="082">
            <subfield code="a">338.7/61004678</subfield>
            <subfield code="2">23</subfield>
        </datafield>
        <datafield ind1="1" ind2=" " tag="100">
            <subfield code="a">Galloway, Scott,</subfield>
            <subfield code="d">1964-</subfield>
            <subfield code="4">aut</subfield>
        </datafield>
        <datafield ind1="1" ind2="4" tag="245">
            <subfield code="a">The Four :</subfield>
            <subfield code="b">the hidden DNA of Amazon, Apple, Facebook, and Google /</subfield>
            <subfield code="c">Scott Galloway.</subfield>
        </datafield>
        <datafield ind1=" " ind2=" " tag="250">
            <subfield code="a">International edition.</subfield>
        </datafield>
        <datafield ind1=" " ind2="1" tag="264">
            <subfield code="a">New York, New York :</subfield>
            <subfield code="b">Portfolio/Penguin,</subfield>
            <subfield code="c">[2018]</subfield>
        </datafield>
        <datafield ind1=" " ind2=" " tag="300">
            <subfield code="a">viii, 323 pages</subfield>
            <subfield code="c">17.2 cm</subfield>
        </datafield>
        <datafield ind1=" " ind2=" " tag="336">
            <subfield code="a">text</subfield>
            <subfield code="b">txt</subfield>
            <subfield code="2">rdacontent</subfield>
        </datafield>
        <datafield ind1=" " ind2=" " tag="337">
            <subfield code="a">unmediated</subfield>
            <subfield code="b">n</subfield>
            <subfield code="2">rdamedia</subfield>
        </datafield>
        <datafield ind1=" " ind2=" " tag="338">
            <subfield code="a">volume</subfield>
            <subfield code="b">nc</subfield>
            <subfield code="2">rdacarrier</subfield>
        </datafield>
        <datafield ind1="8" ind2=" " tag="505">
            <subfield code="a">The four -- Who are these companies and why write about them? -- Amazon -- How Amazon became the most disruptive firm in the largest economy -- Apple -- Tech goes luxury -- Facebook -- Love is key to longevity and great advertising -- Google -- Our modern-day god -- Lie to me -- The four and funny business -- Business and the body -- All businesses appeal to one of three organs -- The T algorithm -- What it takes to get to a trillion -- The fifth horseman? -- Who will be next? -- The four and you -- Follow your talent, not your passion -- Yes, and now what? -- Where are the four taking us? -- Acknowledgments -- Notes -- Illustration credits -- Index.</subfield>
        </datafield>
        <datafield ind1=" " ind2=" " tag="520">
            <subfield code="a">Amazon, Apple, Facebook, and Google are the four most influential companies on the planet. Just about everyone thinks they know how they got there. Just about everyone is wrong.   For all thats been written about the Four over the last two decades, no one has captured their power and staggering success as insightfully as Scott Galloway.  Instead of buying the myths these compa­nies broadcast, Galloway asks fundamental questions. How did the Four infiltrate our lives so completely that theyre almost impossible to avoid (or boycott)? Why does the stock market forgive them for sins that would destroy other firms? And as they race to become the worlds first trillion-dollar company, can anyone chal­lenge them?  In the same irreverent style that has made him one of the worlds most celebrated business professors, Galloway deconstructs the strategies of the Four that lurk beneath their shiny veneers. He shows how they manipulate the fundamental emotional needs that have driven us since our ancestors lived in caves, at a speed and scope others cant match. And he reveals how you can apply the lessons of their ascent to your own business or career.  Whether you want to compete with them, do business with them, or simply live in the world they dominate, you need to understand the Four.</subfield>
        </datafield>
        <datafield ind1=" " ind2=" " tag="599">
            <subfield code="a">Maskinellt genererad post. Ändra kod för fullständighetsnivå (leader/17), annars kommer manuellt gjorda ändringar att försvinna.</subfield>
        </datafield>
        <datafield ind1=" " ind2="0" tag="650">
            <subfield code="a">Information services industry</subfield>
            <subfield code="x">History.</subfield>
        </datafield>
        <datafield ind1=" " ind2="0" tag="650">
            <subfield code="a">Internet industry</subfield>
            <subfield code="x">History.</subfield>
        </datafield>
        <datafield ind1=" " ind2="7" tag="655">
            <subfield code="a">History.</subfield>
            <subfield code="2">fast</subfield>
        </datafield>
        <datafield ind1="0" ind2="8" tag="776">
            <subfield code="i">Online version:</subfield>
            <subfield code="a">Galloway, Scott 1964- author.</subfield>
            <subfield code="t">Four</subfield>
            <subfield code="d">New York : Portfolio, [2017]</subfield>
            <subfield code="z">9780735213661</subfield>
        </datafield>
        <datafield ind1=" " ind2=" " tag="887">
            <subfield code="a">{"@id":"6qj05w3j0m3hpg1","modified":"2020-12-08T15:55:00.369+01:00","checksum":"89784520614"}</subfield>
            <subfield code="2">librisxl</subfield>
        </datafield>
        <datafield ind1=" " ind2=" " tag="841">
            <subfield code="5">Z</subfield>
            <subfield code="a">x  a</subfield>
            <subfield code="b">200804||0000|||||000||||||000000</subfield>
            <subfield code="e">u</subfield>
        </datafield>
        <datafield ind1=" " ind2=" " tag="852">
            <subfield code="5">Z</subfield>
            <subfield code="b">Z</subfield>
        </datafield>
        <datafield ind1=" " ind2=" " tag="887">
            <subfield code="5">Z</subfield>
            <subfield code="a">{"@id":"kxhj7clsh1wd7vfd","modified":"2020-08-04T16:53:44.992+02:00","checksum":"104207616833"}</subfield>
            <subfield code="2">librisxl</subfield>
        </datafield>
    </record>