
    <record xmlns="http://www.loc.gov/MARC21/slim" type="Bibliographic">
        <leader>     cam a       8i 4500</leader>
        <controlfield tag="001">jspmqgx9gjzlk6w5</controlfield>
        <controlfield tag="003">SE-LIBR</controlfield>
        <controlfield tag="005">20201213080045.0</controlfield>
        <controlfield tag="008">180905s2018    xx |||||||||||000 1|eng|d</controlfield>
        <datafield ind1=" " ind2=" " tag="020">
            <subfield code="a">9780241985175</subfield>
            <subfield code="q">pocket</subfield>
        </datafield>
        <datafield ind1=" " ind2=" " tag="035">
            <subfield code="a">(BOKR)9780241985175</subfield>
        </datafield>
        <datafield ind1=" " ind2=" " tag="040">
            <subfield code="a">BOKR</subfield>
            <subfield code="e">i</subfield>
        </datafield>
        <datafield ind1=" " ind2=" " tag="041">
            <subfield code="a">eng</subfield>
        </datafield>
        <datafield ind1="1" ind2=" " tag="100">
            <subfield code="a">Hornby, Nick</subfield>
            <subfield code="4">aut</subfield>
        </datafield>
        <datafield ind1="1" ind2="0" tag="245">
            <subfield code="a">Juliet, Naked (Film Tie-in)</subfield>
        </datafield>
        <datafield ind1=" " ind2=" " tag="263">
            <subfield code="a">201809</subfield>
        </datafield>
        <datafield ind1=" " ind2="1" tag="264">
            <subfield code="b">Penguin,</subfield>
            <subfield code="c">2018</subfield>
        </datafield>
        <datafield ind1=" " ind2=" " tag="300">
            <subfield code="a">256 sidor</subfield>
            <subfield code="c">19.7 cm</subfield>
        </datafield>
        <datafield ind1=" " ind2=" " tag="336">
            <subfield code="a">text</subfield>
            <subfield code="b">txt</subfield>
            <subfield code="2">rdacontent</subfield>
        </datafield>
        <datafield ind1=" " ind2=" " tag="337">
            <subfield code="a">unmediated</subfield>
            <subfield code="b">n</subfield>
            <subfield code="2">rdamedia</subfield>
        </datafield>
        <datafield ind1=" " ind2=" " tag="338">
            <subfield code="a">volume</subfield>
            <subfield code="b">nc</subfield>
            <subfield code="2">rdacarrier</subfield>
        </datafield>
        <datafield ind1=" " ind2=" " tag="520">
            <subfield code="a">Juliet, Naked is bestselling author Nick Hornby's moving, funny account of life's second chances Annie's put fifteen years into safe, slightly obsessive Duncan, and now she'd like her money back, please. It's time to move on. But she lives in Gooleness, the north's answer to a question nobody asked. Is she really going to find real, proper, feel-it-deep-down-in-your-boots love on a damp and windy seafront? Or perhaps she should follow her heart and pursue Tucker, the reclusive American rock star, who keeps emailing her his smart advice. But between Annie and her second chance lie a few obstacles. There's Malcolm, the world's most judgemental therapist, and Barnesy, the north's most extrovert dancer. There's what men and women will do and won't do for love. And, of course, there's Tucker...</subfield>
        </datafield>
        <datafield ind1=" " ind2=" " tag="599">
            <subfield code="a">Maskinellt genererad post. Ändra kod för fullständighetsnivå (leader/17), annars kommer manuellt gjorda ändringar att försvinna.</subfield>
        </datafield>
        <datafield ind1=" " ind2=" " tag="887">
            <subfield code="a">{"@id":"jspmqgx9gjzlk6w5","modified":"2020-12-13T08:00:45.778+01:00","checksum":"55368510605"}</subfield>
            <subfield code="2">librisxl</subfield>
        </datafield>
        <datafield ind1=" " ind2=" " tag="841">
            <subfield code="5">Zl</subfield>
            <subfield code="a">x  a</subfield>
            <subfield code="b">190107||0000|||||000||||||000000</subfield>
            <subfield code="e">u</subfield>
        </datafield>
        <datafield ind1=" " ind2=" " tag="852">
            <subfield code="5">Zl</subfield>
            <subfield code="b">Zl</subfield>
        </datafield>
        <datafield ind1=" " ind2=" " tag="887">
            <subfield code="5">Zl</subfield>
            <subfield code="a">{"@id":"pzbh9pm3mhxshfsg","modified":"2019-05-08T15:06:08.409+02:00","checksum":"74721985889"}</subfield>
            <subfield code="2">librisxl</subfield>
        </datafield>
    </record>