
    <record xmlns="http://www.loc.gov/MARC21/slim" type="Bibliographic">
        <leader>     cam a       8i 4500</leader>
        <controlfield tag="001">21735952</controlfield>
        <controlfield tag="003">SE-LIBR</controlfield>
        <controlfield tag="005">20201212080441.0</controlfield>
        <controlfield tag="008">171017s2018    xx |||||||||||000 1|eng|d</controlfield>
        <datafield ind1=" " ind2=" " tag="020">
            <subfield code="a">9780751571974</subfield>
            <subfield code="q">pocket</subfield>
        </datafield>
        <datafield ind1=" " ind2=" " tag="035">
            <subfield code="a">(BOKR)9780751571974</subfield>
        </datafield>
        <datafield ind1=" " ind2=" " tag="040">
            <subfield code="a">BOKR</subfield>
            <subfield code="e">i</subfield>
        </datafield>
        <datafield ind1=" " ind2=" " tag="041">
            <subfield code="a">eng</subfield>
        </datafield>
        <datafield ind1="1" ind2=" " tag="100">
            <subfield code="a">Lehane, Dennis</subfield>
            <subfield code="4">aut</subfield>
        </datafield>
        <datafield ind1="1" ind2="0" tag="245">
            <subfield code="a">Since We Fell</subfield>
        </datafield>
        <datafield ind1=" " ind2=" " tag="263">
            <subfield code="a">201805</subfield>
        </datafield>
        <datafield ind1=" " ind2="1" tag="264">
            <subfield code="b">Little, Brown,</subfield>
            <subfield code="c">2018</subfield>
        </datafield>
        <datafield ind1=" " ind2=" " tag="300">
            <subfield code="c">17.8 cm</subfield>
        </datafield>
        <datafield ind1=" " ind2=" " tag="336">
            <subfield code="a">text</subfield>
            <subfield code="b">txt</subfield>
            <subfield code="2">rdacontent</subfield>
        </datafield>
        <datafield ind1=" " ind2=" " tag="337">
            <subfield code="a">unmediated</subfield>
            <subfield code="b">n</subfield>
            <subfield code="2">rdamedia</subfield>
        </datafield>
        <datafield ind1=" " ind2=" " tag="338">
            <subfield code="a">volume</subfield>
            <subfield code="b">nc</subfield>
            <subfield code="2">rdacarrier</subfield>
        </datafield>
        <datafield ind1=" " ind2=" " tag="520">
            <subfield code="a">I LOVED YOU I HATED YOU I NEVER KNEW YOU...  Rachel's husband adores her. When she hit rock bottom, he was there with her every step of the way as she slowly regained her confidence, and her sanity. But his mysterious behaviour forces her to probe for the truth about her beloved husband.  How can she feel certain that she ever knew him?  And was she right to ever trust him?  Bringing together Dennis Lehane's trademark insightful and emphathetic characterisation, razor-sharp dialogue, stunning atmosphere and breakneck twists and turns, Since We Fell is a true masterpiece that will keep you in suspense until the very end.</subfield>
        </datafield>
        <datafield ind1=" " ind2=" " tag="599">
            <subfield code="a">Maskinellt genererad post. Ändra kod för fullständighetsnivå (leader/17), annars kommer manuellt gjorda ändringar att försvinna.</subfield>
        </datafield>
        <datafield ind1=" " ind2=" " tag="887">
            <subfield code="a">{"@id":"dxq57rrq1qs42cq","modified":"2020-12-12T08:04:41.279+01:00","checksum":"62874135169"}</subfield>
            <subfield code="2">librisxl</subfield>
        </datafield>
        <datafield ind1=" " ind2=" " tag="841">
            <subfield code="5">Za</subfield>
            <subfield code="a">x  a</subfield>
            <subfield code="b">190107||0000|||||000||||||000000</subfield>
            <subfield code="e">u</subfield>
        </datafield>
        <datafield ind1=" " ind2=" " tag="852">
            <subfield code="5">Za</subfield>
            <subfield code="b">Za</subfield>
        </datafield>
        <datafield ind1=" " ind2=" " tag="887">
            <subfield code="5">Za</subfield>
            <subfield code="a">{"@id":"t3gnsz8lrl5v9sr5","modified":"2019-05-08T14:14:53.867+02:00","checksum":"62160467680"}</subfield>
            <subfield code="2">librisxl</subfield>
        </datafield>
    </record>