
    <record xmlns="http://www.loc.gov/MARC21/slim" type="Bibliographic">
        <leader>     cam a       8i 4500</leader>
        <controlfield tag="001">kwx4d92zhtwd4ztw</controlfield>
        <controlfield tag="003">SE-LIBR</controlfield>
        <controlfield tag="005">20201214080053.0</controlfield>
        <controlfield tag="008">200319s2020    xx |||||||||||000 1|eng|d</controlfield>
        <datafield ind1=" " ind2=" " tag="020">
            <subfield code="a">9781473686687</subfield>
            <subfield code="q">pocket</subfield>
        </datafield>
        <datafield ind1=" " ind2=" " tag="035">
            <subfield code="a">(BOKR)9781473686687</subfield>
        </datafield>
        <datafield ind1=" " ind2=" " tag="040">
            <subfield code="a">BOKR</subfield>
            <subfield code="e">i</subfield>
        </datafield>
        <datafield ind1=" " ind2=" " tag="041">
            <subfield code="a">eng</subfield>
        </datafield>
        <datafield ind1="1" ind2=" " tag="100">
            <subfield code="a">Ghosh, Amitav</subfield>
            <subfield code="4">aut</subfield>
        </datafield>
        <datafield ind1="1" ind2="0" tag="245">
            <subfield code="a">Gun Island</subfield>
        </datafield>
        <datafield ind1=" " ind2=" " tag="263">
            <subfield code="a">202004</subfield>
        </datafield>
        <datafield ind1=" " ind2="1" tag="264">
            <subfield code="b">Hachette UK Distribution,</subfield>
            <subfield code="c">2020</subfield>
        </datafield>
        <datafield ind1=" " ind2=" " tag="300">
            <subfield code="a">313 sidor</subfield>
            <subfield code="c">19.8 cm</subfield>
        </datafield>
        <datafield ind1=" " ind2=" " tag="336">
            <subfield code="a">text</subfield>
            <subfield code="b">txt</subfield>
            <subfield code="2">rdacontent</subfield>
        </datafield>
        <datafield ind1=" " ind2=" " tag="337">
            <subfield code="a">unmediated</subfield>
            <subfield code="b">n</subfield>
            <subfield code="2">rdamedia</subfield>
        </datafield>
        <datafield ind1=" " ind2=" " tag="338">
            <subfield code="a">volume</subfield>
            <subfield code="b">nc</subfield>
            <subfield code="2">rdacarrier</subfield>
        </datafield>
        <datafield ind1=" " ind2=" " tag="520">
            <subfield code="a">Bundook. Gun. A common word, but one which turns Deen Datta's world upside down.A dealer of rare books, Deen is used to a quiet life spent indoors, but  as his once-solid beliefs begin to shift, he is forced to set out on an extraordinary journey; one that takes him from India to Los Angeles and Venice via a tangled route through the memories and experiences of &amp;nbsp;</subfield>
        </datafield>
        <datafield ind1=" " ind2=" " tag="599">
            <subfield code="a">Maskinellt genererad post. Ändra kod för fullständighetsnivå (leader/17), annars kommer manuellt gjorda ändringar att försvinna.</subfield>
        </datafield>
        <datafield ind1=" " ind2=" " tag="887">
            <subfield code="a">{"@id":"kwx4d92zhtwd4ztw","modified":"2020-12-14T08:00:53.9+01:00","checksum":"46753399439"}</subfield>
            <subfield code="2">librisxl</subfield>
        </datafield>
        <datafield ind1=" " ind2=" " tag="841">
            <subfield code="5">Zl</subfield>
            <subfield code="a">x  a</subfield>
            <subfield code="b">201119||0000|||||000||||||000000</subfield>
            <subfield code="e">u</subfield>
        </datafield>
        <datafield ind1=" " ind2=" " tag="852">
            <subfield code="5">Zl</subfield>
            <subfield code="b">Zl</subfield>
        </datafield>
        <datafield ind1=" " ind2=" " tag="887">
            <subfield code="5">Zl</subfield>
            <subfield code="a">{"@id":"4hgrl9jh2p1kfq1t","modified":"2020-11-19T11:24:21.997+01:00","checksum":"70798209562"}</subfield>
            <subfield code="2">librisxl</subfield>
        </datafield>
    </record>
</collection>